<record><leader>00000cas a2200000 a 4500</leader><controlfield tag="001">11107281</controlfield><controlfield tag="008">840830d19661972nyuwr ne      0   a0eng c</controlfield><datafield ind1=" " ind2=" " tag="010"><subfield code="a">sn 84031344 </subfield></datafield><datafield ind1=" " ind2=" " tag="040"><subfield code="a">NYG</subfield><subfield code="b">eng</subfield><subfield code="c">NYG</subfield><subfield code="d">NYS</subfield><subfield code="d">OCLCQ</subfield><subfield code="d">NYS</subfield><subfield code="d">OCLCQ</subfield><subfield code="d">OCLCF</subfield><subfield code="d">OCLCO</subfield></datafield><datafield ind1="1" ind2=" " tag="029"><subfield code="a">AU@</subfield><subfield code="b">000020567879</subfield></datafield><datafield ind1=" " ind2=" " tag="042"><subfield code="a">pcc</subfield></datafield><datafield ind1=" " ind2=" " tag="043"><subfield code="a">n-us-ny</subfield></datafield><datafield ind1="0" ind2="4" tag="245"><subfield code="a">The Babylon beacon.</subfield></datafield><datafield ind1="3" ind2="0" tag="246"><subfield code="a">Beacon</subfield></datafield><datafield ind1="1" ind2="7" tag="246"><subfield code="a">Babylon-Lindenhurst beacon</subfield></datafield><datafield ind1=" " ind2=" " tag="260"><subfield code="a">Babylon, N.Y. :</subfield><subfield code="b">Babylon Beacon,</subfield><subfield code="c">1966-1972.</subfield></datafield><datafield ind1=" " ind2=" " tag="300"><subfield code="a">6 v. :</subfield><subfield code="b">ill.</subfield></datafield><datafield ind1=" " ind2=" " tag="310"><subfield code="a">Weekly</subfield></datafield><datafield ind1="0" ind2=" " tag="362"><subfield code="a">Vol. 1, no. 1 (Nov. 10, 1966)-v. 6, no. 43 (Aug. 24, 1972).</subfield></datafield><datafield ind1=" " ind2=" " tag="500"><subfield code="a">Later issues also called Town ed.</subfield></datafield><datafield ind1=" " ind2=" " tag="500"><subfield code="a">"Serving Babylon Village, North Babylon, West Babylon and West Islip."</subfield></datafield><datafield ind1=" " ind2=" " tag="530"><subfield code="a">Also issued on microfilm from Berhan Industries, Ltd.</subfield></datafield><datafield ind1=" " ind2="0" tag="651"><subfield code="a">Babylon (N.Y.)</subfield><subfield code="v">Newspapers.</subfield></datafield><datafield ind1=" " ind2="0" tag="651"><subfield code="a">North Babylon (N.Y.)</subfield><subfield code="v">Newspapers.</subfield></datafield><datafield ind1=" " ind2="0" tag="651"><subfield code="a">West Babylon (N.Y.)</subfield><subfield code="v">Newspapers.</subfield></datafield><datafield ind1=" " ind2="0" tag="651"><subfield code="a">West Islip (N.Y.)</subfield><subfield code="v">Newspapers.</subfield></datafield><datafield ind1=" " ind2="0" tag="651"><subfield code="a">Lindenhurst (N.Y.)</subfield><subfield code="v">Newspapers.</subfield></datafield><datafield ind1=" " ind2="0" tag="651"><subfield code="a">Suffolk County (N.Y.)</subfield><subfield code="v">Newspapers.</subfield></datafield><datafield ind1=" " ind2="7" tag="655"><subfield code="a">Newspapers.</subfield><subfield code="2">fast</subfield><subfield code="0">(OCoLC)fst01423814</subfield></datafield><datafield ind1=" " ind2="7" tag="651"><subfield code="a">New York (State)</subfield><subfield code="z">Babylon.</subfield><subfield code="2">fast</subfield><subfield code="0">(OCoLC)fst01207261</subfield></datafield><datafield ind1=" " ind2="7" tag="651"><subfield code="a">New York (State)</subfield><subfield code="z">Lindenhurst.</subfield><subfield code="2">fast</subfield><subfield code="0">(OCoLC)fst01229280</subfield></datafield><datafield ind1=" " ind2="7" tag="651"><subfield code="a">New York (State)</subfield><subfield code="z">North Babylon.</subfield><subfield code="2">fast</subfield><subfield code="0">(OCoLC)fst01203441</subfield></datafield><datafield ind1=" " ind2="7" tag="651"><subfield code="a">New York (State)</subfield><subfield code="z">Suffolk County.</subfield><subfield code="2">fast</subfield><subfield code="0">(OCoLC)fst01207260</subfield></datafield><datafield ind1=" " ind2="7" tag="651"><subfield code="a">New York (State)</subfield><subfield code="z">West Babylon.</subfield><subfield code="2">fast</subfield><subfield code="0">(OCoLC)fst01252681</subfield></datafield><datafield ind1=" " ind2="7" tag="651"><subfield code="a">New York (State)</subfield><subfield code="z">West Islip.</subfield><subfield code="2">fast</subfield><subfield code="0">(OCoLC)fst01221263</subfield></datafield><datafield ind1=" " ind2=" " tag="752"><subfield code="a">United States</subfield><subfield code="b">New York</subfield><subfield code="c">Suffolk</subfield><subfield code="d">Babylon.</subfield></datafield><datafield ind1="0" ind2="5" tag="780"><subfield code="t">Lindenhurst beacon</subfield><subfield code="w">(DLC)sn 95071168</subfield><subfield code="w">(OCoLC)32264759</subfield></datafield><datafield ind1="0" ind2="0" tag="785"><subfield code="t">Beacon (Babylon, N.Y.)</subfield><subfield code="w">(DLC)sn 84031349</subfield><subfield code="w">(OCoLC)11107069</subfield></datafield></record>